1490 2266
232 327 356 358 Deinen
377 325 522 355 Brüdern
543 336 582 354 zu
604 324 720 366 geben!

233 406 454 446 Schuldigtest,
483 407 541 435 mit
561 404 737 446 gerechtem
758 404 846 437 Hasz,

233 488 498 520 Unduldsamkeit
517 489 573 518 der
592 489 770 528 Tyranney,

235 569 295 599 Die
318 570 369 599 die
388 570 512 598 Länder
534 567 725 600 entvölkert;

236 650 390 679 Nanntest
409 649 561 688 Duldung
583 647 634 676 die
655 645 800 674 zärtliche
822 645 952 680 Mutter,

236 730 297 758 Die
318 730 370 758 für
390 728 510 758 Völker
529 725 658 755 liebend
677 732 769 765 sorgt,

238 808 315 836 Und
335 807 452 836 Reiche
474 805 617 835 blühend
636 805 812 843 macht!*)

239 886 338 916 Selbst
358 887 410 916 des
433 886 549 915 Geistes
567 884 765 914 Bedürfnisse
792 884 935 920 fühlend,

312 1062 405 1090 „wisz,
432 1059 479 1086 hat
498 1069 526 1085 er
547 1058 604 1085 sich
624 1058 667 1083 nie
687 1056 811 1083 einfallen
831 1056 933 1088 lassen,
960 1067 1014 1084 was
1034 1059 1100 1094 jetzt

313 1120 453 1147 „wirklich
467 1119 613 1154 geschieht.
653 1118 701 1143 Ich
714 1117 770 1143 will
782 1117 869 1142 Ihnen
882 1118 956 1144 noch
970 1118 1047 1144 mehr
1061 1128 1099 1145 sa-

314 1190 395 1215 „gen:
429 1179 495 1204 Man
516 1179 599 1204 bietet
613 1177 728 1202 Wolfen
743 1178 786 1202 ein
802 1177 900 1204 Gehalt
918 1188 973 1204 von
988 1180 1101 1207 tausend

315 1240 451 1265 „Thalern
474 1249 524 1268 an,
552 1239 654 1264 seinem
672 1237 747 1262 Sohn
768 1239 825 1263 eins
838 1248 892 1263 von
907 1238 1099 1271 fünfhundert,

316 1299 390 1326 „und
409 1308 495 1325 seiner
510 1298 580 1323 Frau
605 1299 663 1322 eine
678 1298 795 1323 Pension
809 1299 859 1324 auf
878 1298 930 1324 den
946 1300 1004 1325 Fall
1018 1303 1102 1328 seines

316 1360 433 1389 „Todes.
473 1359 538 1384 Hier
551 1358 640 1383 haben
653 1358 695 1383 Sie
714 1358 800 1385 lauter
814 1370 883 1386 neue
905 1360 963 1387 und
977 1362 1102 1389 wunder-

316 1423 395 1450 „bare
407 1422 505 1458 Dinge,
526 1420 568 1446 die
584 1419 710 1447 dennoch
722 1421 847 1448 wirklich
860 1423 935 1449 wahr
949 1424 1037 1450 sïnd.„
1074 1424 1100 1449 S.

318 1483 519 1513 ebendaselbst,
540 1482 584 1507 Br.
603 1483 646 1509 85.
663 1493 727 1510 vom
743 1488 782 1517 14.
801 1484 862 1510 Oct.
884 1486 959 1521 1739.

283 1606 310 1638 *)
331 1605 405 1630 „Der
420 1603 520 1629 falsche
535 1602 607 1628 Eifer
622 1605 656 1630 ist
677 1606 721 1631 ein
734 1607 862 1642 Tyrann,
884 1606 931 1633 der
945 1606 988 1632 die
1000 1606 1106 1633 Länder

320 1665 502 1692 „entvölkert:
525 1664 568 1689 die
582 1665 844 1701 Religionsduldung
858 1670 891 1694 ist
906 1670 964 1694 eine
980 1669 1107 1694 zärtliche

321 1728 458 1757 „Mutter,
480 1725 522 1752 die
537 1725 581 1753 für
594 1728 631 1752 sie
646 1737 717 1764 sorgt
731 1729 787 1755 und
801 1731 838 1755 sie
851 1728 972 1755 blühend
987 1730 1106 1755 macht.„

321 1789 347 1816 S.
370 1785 520 1814 Friedrichs
540 1786 725 1824 Abhandlung
753 1800 809 1815 von
829 1790 1019 1825 Aberglauben
1051 1790 1108 1816 und

319 1851 450 1887 Religion.

644 246 677 265 11
