1490 2266
394 325 464 354 Ach
485 324 613 354 allzuoft
632 336 694 354 von
715 325 846 353 Fürsten
867 327 1050 366 ungefühlt!

392 405 589 445 Zerschlugst
610 405 653 432 du
675 404 725 432 die
745 404 856 432 letzten
877 395 1000 432 Fesseln
1022 406 1078 434 der
1093 403 1248 447 Freyheit,

389 484 451 512 Die
472 485 527 513 ihn
548 484 689 518 banden,
721 483 782 511 den
803 483 992 511 denkenden
1015 484 1110 519 Geist,

390 564 468 593 Und
488 564 587 598 hoch,
611 565 655 592 im
678 562 886 604 Selbstgefühl
906 565 1007 592 seiner
1028 564 1127 599 Kraft,

389 644 505 685 Schlug
524 645 630 683 jedem
651 644 769 673 Edlern
791 645 844 673 das
863 644 961 672 Herz!

439 725 560 752 Darum
582 724 695 764 glänzt,
720 733 812 753 unter
833 725 889 753 der
909 725 1031 765 Könige
1052 725 1176 753 Namen

387 804 469 833 Dein
491 804 593 838 Nam',
624 814 643 832 o
665 804 891 833 FRIEDRICH!
918 805 1079 845 Einziger!

385 885 462 913 Und
483 892 575 913 unter
595 885 656 913 den
676 884 816 913 Reichen
838 885 911 913 dein
930 885 1045 914 Reich!

384 965 472 993 Einst
492 964 571 993 zählt
589 975 651 993 von
673 964 869 992 FRIEDRICS
890 964 1103 993 Jahrhundert
1124 975 1163 993 an

382 1045 449 1074 Der
469 1044 571 1073 Enkel
592 1045 642 1073 die
665 1043 801 1084 goldnen
822 1043 907 1083 Tage
930 1043 985 1071 der
1006 1043 1217 1074 Menschheit!

380 1126 482 1154 Denn
494 1136 558 1154 von
578 1136 644 1153 nun
665 1134 721 1158 an,
751 1134 813 1153 von
834 1134 900 1152 nun
922 1134 970 1159 an,
993 1141 1033 1146 ―

380 1205 459 1233 Desz
478 1205 606 1243 jauchze
627 1205 701 1238 laut,
728 1216 746 1233 o
768 1205 981 1246 Preisgesang!
1000 1224 1040 1228 ―

379 1286 443 1313 Seit
462 1285 669 1313 FRIEDRICH
689 1285 772 1313 Ehre
795 1285 851 1313 der
872 1285 1069 1313 Menschheit
1088 1296 1164 1321 war,

379 1363 466 1393 Wird
486 1364 750 1393 Menschenrecht
770 1365 837 1392 und
858 1364 1145 1392 Menschenfreude

376 1443 480 1484 Heilig
501 1445 563 1473 den
583 1445 715 1473 Fürsten

374 1524 452 1553 Und
471 1523 567 1564 heilig
588 1524 650 1552 den
670 1524 810 1552 Dienern
832 1524 888 1552 der
904 1523 1035 1551 Fürsten
1055 1534 1140 1563 seyn,

373 1604 450 1633 Und
469 1603 580 1632 keiner
600 1615 727 1645 wagen,
750 1615 831 1633 neue
852 1604 976 1633 Fesseln

372 1683 456 1711 Dem
478 1683 666 1713 denkenden
689 1685 792 1713 Geiste
814 1696 852 1712 zu
872 1685 1070 1719 schmieden;

371 1763 465 1792 Denn
487 1764 554 1798 ach,
578 1774 608 1792 es
626 1763 689 1792 träf
704 1764 759 1793 ihn
779 1765 880 1793 seiner
900 1765 1012 1794 Werke
1032 1766 1139 1795 Lohn!

428 1843 551 1872 Genien
571 1844 647 1874 aller
666 1845 882 1875 Wissenschaft

808 249 845 268 12
