1490 2266
346 334 422 363 Und
442 333 551 362 starbst
571 332 635 359 sein
657 327 856 365 Freund!*)

396 413 484 442 Aber
505 413 568 446 du,
598 421 617 440 o
637 410 879 439 FRIEDRICH,

345 498 494 527 Lerntest,
518 502 580 521 was
599 489 662 519 viel
683 489 739 517 der
759 488 891 515 Fürsten
912 483 999 513 nicht
1019 491 1162 518 wussten,

345 577 448 612 Früh,
472 583 525 604 aus
547 572 677 612 eigenen
698 567 833 597 Leiden:

345 658 424 686 Dasz
444 653 596 684 Weisheit
617 651 679 680 den
700 648 822 677 Irthum
845 644 964 678 duldet,

345 737 467 765 Irthum
488 734 538 763 die
558 730 710 759 Weisheit
728 726 878 766 verfolgt!

345 818 486 845 Lerntest
506 813 558 842 das
577 810 692 843 Recht,
724 808 775 837 das
797 805 928 847 geraubt

345 896 428 925 Dich
448 893 541 923 selbst
560 893 593 920 in
616 891 671 919 der
692 888 779 917 Seele
802 884 962 927 gekränkt,

381 1064 404 1094 *)
424 1062 493 1086 „Die
512 1058 696 1094 Neuigkeiten
716 1054 761 1079 des
776 1053 862 1087 Tages
881 1049 950 1079 sind,
972 1048 1032 1073 dasz
1053 1047 1099 1072 der
1113 1048 1204 1082 König

416 1122 498 1158 „drey
511 1119 635 1146 Stunden
650 1117 695 1143 des
705 1116 791 1150 Tages
800 1112 928 1139 Wolfens
943 1109 1113 1145 Philosophie
1128 1108 1200 1138 liest;

416 1183 511 1210 „dafür
529 1182 596 1207 Gott
610 1179 700 1216 gelobt
715 1176 772 1213 sey!
800 1176 835 1201 So
849 1175 938 1200 haben
952 1174 1002 1199 wir
1016 1172 1068 1198 den
1083 1171 1142 1207 Sieg
1157 1170 1204 1196 der

416 1243 569 1270 „Vernunft
583 1241 681 1270 erlebt;
704 1238 761 1264 und
775 1238 819 1263 ich
833 1236 917 1267 hoffe,
939 1234 999 1260 dasz
1015 1234 1057 1259 die
1066 1232 1203 1258 Heuchler

416 1313 482 1330 „mit
500 1304 571 1329 ihrer
589 1304 627 1327 im
651 1301 775 1326 Finstern
795 1295 1004 1323 schleichenden
1029 1294 1130 1320 Kabale
1150 1293 1203 1318 den

416 1364 570 1401 „gesunden
595 1357 871 1388 Menschenverstand
904 1356 961 1382 und
996 1355 1038 1379 die
1064 1353 1203 1379 Vernunft

416 1426 508 1452 „nicht
527 1425 605 1450 mehr
622 1421 733 1449 werden
752 1418 955 1445 unterdrücken
974 1415 1091 1441 können.
1138 1414 1202 1438 Hät-

415 1496 478 1514 „ten
493 1487 536 1512 Sie
555 1496 603 1511 vor
622 1494 694 1519 zwey
704 1483 802 1508 Jahren
821 1478 953 1515 geglaubt,
976 1476 1036 1502 dasz
1056 1475 1111 1501 sich
1132 1474 1202 1500 diese

416 1548 617 1580 „Erscheinung
635 1544 707 1570 noch
726 1553 753 1568 in
768 1551 867 1567 unsern
877 1540 969 1575 Tagen
989 1538 1112 1571 ereignen
1130 1539 1202 1562 wür-

416 1609 483 1635 „de?
522 1608 556 1634 So
571 1606 640 1633 sieht
653 1615 731 1635 man,
754 1603 814 1629 dasz
833 1612 895 1627 man
913 1600 1001 1626 nichts
1015 1598 1203 1625 verschwören

416 1679 522 1700 „musz,
544 1667 601 1694 und
616 1667 677 1692 dasz
692 1665 734 1691 die
750 1666 852 1698 Dinge,
874 1662 916 1688 die
937 1671 999 1686 man
1019 1660 1058 1686 oft
1078 1670 1121 1685 am
1144 1666 1201 1684 ent-

417 1731 580 1756 „ferntesten
595 1727 699 1763 glaubt,
721 1735 764 1750 am
786 1732 873 1750 ersten
892 1721 1035 1748 kommen!
1067 1721 1129 1747 aber
1147 1728 1201 1746 was

418 1791 501 1818 „wird
523 1790 608 1816 dieser
622 1786 768 1823 Philosoph
788 1786 887 1821 sagen?
916 1783 988 1809 denn
1008 1784 1058 1807 mit
1071 1781 1141 1807 allen
1155 1779 1202 1804 sei-

417 1863 487 1878 „nen
501 1851 603 1886 Regeln
618 1850 665 1876 der
679 1846 983 1876 Wahrscheinlichkeit,
1003 1844 1082 1870 weisz
1100 1840 1144 1865 ich
1158 1847 1200 1873 ge-

755 254 793 272 10
