1490 2266
219 365 295 395 Und
316 362 390 390 aller
410 360 519 392 Kunst,

218 441 529 479 Leichtbeschwingt,
552 436 648 466 helles
670 434 781 467 Blicks,

220 524 380 552 Drängten
401 531 456 548 um
477 519 722 546 FRIEDRICHS
745 513 855 541 Thron
876 511 942 540 sich
962 511 1029 541 her.

220 604 358 633 Freudig
380 600 473 630 eilten
494 599 547 631 sie,
571 593 754 624 sammelten
776 592 912 625 Schätze,

218 685 315 717 Sahn,
338 692 400 711 was
422 678 556 707 sichtbar
577 673 635 702 auf
650 672 767 705 Erden,

222 763 299 791 Und
318 762 448 791 hörten,
472 765 533 785 was
554 752 671 782 hörbar
691 752 738 785 ist,

223 842 363 874 Zählten,
387 846 525 867 maaszen
548 833 615 862 und
635 842 758 872 wogen,

225 924 393 953 Genossen,
417 917 485 946 und
505 913 636 944 schufen
658 914 789 945 Genuss,

224 1004 301 1032 Und
321 1000 473 1031 brachten
492 997 561 1026 ihre
584 992 802 1036 gesammelten
824 991 949 1020 Schätze

225 1085 291 1114 Vor
311 1083 556 1111 FRIEDRICHS
577 1075 697 1109 Thron,

226 1163 302 1191 Und
323 1162 532 1188 FRIEDRICH
553 1154 655 1182 freute
676 1152 741 1180 sich
762 1152 794 1179 in
815 1151 900 1179 ihrer
915 1152 1023 1178 Mitte!
1046 1169 1086 1173 ―

227 1241 314 1273 Sieh,
347 1248 376 1265 es
397 1235 461 1263 hob
484 1243 536 1261 aus
558 1233 631 1265 dem
649 1230 742 1259 Staub
766 1230 823 1258 der
842 1229 1086 1270 Verachtung*)

228 1322 299 1349 Sein
321 1317 428 1353 Haupt
449 1313 504 1341 der
525 1310 655 1339 Denker
677 1320 797 1348 empor,

228 1396 363 1430 Forscht'
387 1394 445 1423 alle
466 1392 593 1426 Wesen,
618 1389 741 1425 Kräfte,
767 1389 936 1425 Gestalten,

265 1522 293 1551 *)
312 1520 376 1544 Nur
391 1517 441 1541 Ein
456 1517 567 1541 Beweis.
609 1515 706 1548 „Nach
719 1514 870 1540 Friedrichs
885 1514 897 1538 I
912 1512 970 1538 und
984 1513 1089 1537 Leibni-

302 1588 379 1604 „zens
399 1576 477 1601 Tode
501 1576 603 1610 gerieth
630 1575 671 1600 die
693 1575 871 1602 Gesellschaft
896 1576 924 1599 in
932 1574 1022 1598 einen
1041 1572 1091 1598 fast

300 1637 475 1674 „gänzlichen
489 1635 593 1661 Verfall
614 1644 694 1661 unter
709 1636 848 1662 Friedrich
862 1635 1014 1665 Wilhelm,
1046 1633 1092 1659 der

304 1701 418 1726 „keinen
434 1697 604 1722 Geschmack
616 1697 715 1723 weder
733 1699 778 1724 für
802 1697 844 1723 die
858 1695 1093 1722 Wissenschaften

304 1761 391 1787 „noch
405 1759 449 1784 für
465 1757 506 1783 die
519 1757 641 1783 schönen
654 1760 760 1785 Künste
775 1759 857 1784 hatte.
895 1757 931 1781 Er
946 1756 1003 1781 that
1016 1756 1094 1781 nicht

305 1833 373 1851 „nur
386 1820 483 1849 nichts,
505 1828 552 1843 um
568 1817 610 1843 ihr
624 1818 811 1849 aufzuhelfen;
834 1817 950 1844 sondern
964 1827 991 1842 er
1001 1817 1094 1842 schien

306 1889 359 1914 „sie
373 1883 443 1911 auch
458 1879 625 1915 erniedrigen
639 1889 672 1904 zu
686 1878 800 1910 wollen,
825 1880 917 1906 indem
940 1889 967 1905 er
987 1879 1094 1904 Narren

631 267 669 298 13
